<record><leader>00000cas a2200000 a 4500</leader><controlfield tag="001">32181100</controlfield><controlfield tag="008">950321d19641980azumr ne      0    0eng d</controlfield><datafield ind1=" " ind2=" " tag="010"><subfield code="a">sn 95060781 </subfield></datafield><datafield ind1=" " ind2=" " tag="040"><subfield code="a">ANN</subfield><subfield code="b">eng</subfield><subfield code="c">ANN</subfield><subfield code="d">OCLCQ</subfield><subfield code="d">OCLCO</subfield></datafield><datafield ind1="1" ind2=" " tag="029"><subfield code="a">AU@</subfield><subfield code="b">000025857516</subfield></datafield><datafield ind1=" " ind2=" " tag="042"><subfield code="a">msc</subfield></datafield><datafield ind1=" " ind2=" " tag="043"><subfield code="a">n-us-az</subfield></datafield><datafield ind1="0" ind2=" " tag="130"><subfield code="a">Lake Havasu City herald (Lake Havasu City, Ariz. : Monthly)</subfield></datafield><datafield ind1="1" ind2="0" tag="245"><subfield code="a">Lake Havasu City herald.</subfield></datafield><datafield ind1=" " ind2=" " tag="250"><subfield code="a">Monthly ed.</subfield></datafield><datafield ind1=" " ind2=" " tag="260"><subfield code="a">Lake Havasu City, Ariz. :</subfield><subfield code="b">Walters Publications,</subfield><subfield code="c">-1980.</subfield></datafield><datafield ind1=" " ind2=" " tag="300"><subfield code="a">v. :</subfield><subfield code="b">ill.</subfield></datafield><datafield ind1=" " ind2=" " tag="310"><subfield code="a">Monthly</subfield></datafield><datafield ind1="0" ind2=" " tag="362"><subfield code="a">-v. 16, no. 2 (winter-Feb. 1980).</subfield></datafield><datafield ind1=" " ind2=" " tag="500"><subfield code="a">Oct. 1971 issue also called "First annual London Bridge edition."</subfield></datafield><datafield ind1=" " ind2=" " tag="588"><subfield code="a">Description based on: Vol. 1, no. 7 (Nov. 1964).</subfield></datafield><datafield ind1=" " ind2=" " tag="588"><subfield code="a">Latest issue consulted: Vol. 1, no. 7 (Nov. 1964).</subfield></datafield><datafield ind1=" " ind2="0" tag="651"><subfield code="a">Lake Havasu City (Ariz.)</subfield><subfield code="v">Newspapers.</subfield></datafield><datafield ind1=" " ind2="0" tag="651"><subfield code="a">Mohave County (Ala.)</subfield><subfield code="v">Newspapers.</subfield></datafield><datafield ind1=" " ind2=" " tag="752"><subfield code="a">United States</subfield><subfield code="b">Arizona</subfield><subfield code="c">Mohave</subfield><subfield code="d">Lake Havasu City.</subfield></datafield><datafield ind1="0" ind2=" " tag="775"><subfield code="t">Lake Havasu City herald</subfield><subfield code="w">(DLC)sn 93003661</subfield></datafield><datafield ind1="0" ind2="0" tag="785"><subfield code="t">Lake Havasu City herald (Lake Havasu City, Ariz. : Quarterly)</subfield><subfield code="w">(DLC)sn 95060782</subfield></datafield></record>